<record><leader>00000cas a22000007a 4500</leader><controlfield tag="001">13107360</controlfield><controlfield tag="008">860205d18781882ohuwr ne      0    0eng  </controlfield><datafield ind1=" " ind2=" " tag="010"><subfield code="a">sn 86071079 </subfield></datafield><datafield ind1=" " ind2=" " tag="040"><subfield code="a">DLC</subfield><subfield code="b">eng</subfield><subfield code="c">DLC</subfield><subfield code="d">ONP</subfield><subfield code="d">OCLCQ</subfield></datafield><datafield ind1=" " ind2=" " tag="042"><subfield code="a">msc</subfield></datafield><datafield ind1="0" ind2="0" tag="050"><subfield code="a">Newspaper</subfield></datafield><datafield ind1="0" ind2="4" tag="245"><subfield code="a">The Youngstown news.</subfield></datafield><datafield ind1=" " ind2=" " tag="260"><subfield code="a">Youngstown, Ohio :</subfield><subfield code="b">Youngstown News Co.,</subfield><subfield code="c">-1882.</subfield></datafield><datafield ind1=" " ind2=" " tag="300"><subfield code="a">v. :</subfield><subfield code="b">ill. (chiefly advertisements)</subfield></datafield><datafield ind1=" " ind2=" " tag="310"><subfield code="a">Weekly</subfield></datafield><datafield ind1="1" ind2=" " tag="362"><subfield code="a">Began in 1878.</subfield></datafield><datafield ind1="0" ind2=" " tag="362"><subfield code="a">-v. 5, no. 1 (Jan. 18, 1882).</subfield></datafield><datafield ind1=" " ind2=" " tag="500"><subfield code="a">"Republican." Cf. Gutgesell, S. Guide to Ohio newspapers, 1974.</subfield></datafield><datafield ind1=" " ind2=" " tag="580"><subfield code="a">Daily eds.: Evening news (Youngstown, Ohio), 1880, and: Youngstown evening news (Youngstown, Ohio : 1880), 1880-1882.</subfield></datafield><datafield ind1=" " ind2=" " tag="588"><subfield code="a">Description based on: Vol. 3, no. 51 (Jan. 5, 1881).</subfield></datafield><datafield ind1=" " ind2=" " tag="752"><subfield code="a">United States</subfield><subfield code="b">Ohio</subfield><subfield code="c">Mahoning</subfield><subfield code="d">Youngstown.</subfield></datafield><datafield ind1="1" ind2=" " tag="775"><subfield code="t">Evening news (Youngstown, Ohio)</subfield><subfield code="w">(DLC)sn 84028460</subfield></datafield><datafield ind1="1" ind2=" " tag="775"><subfield code="t">Youngstown evening news (Youngstown, Ohio : 1880)</subfield><subfield code="w">(DLC)sn 84028461</subfield></datafield><datafield ind1="0" ind2="7" tag="785"><subfield code="t">Youngstown register</subfield><subfield code="w">(DLC)sn 84028457</subfield></datafield><datafield ind1="0" ind2="7" tag="785"><subfield code="t">Weekly news-register (Youngstown, Ohio : 1880)</subfield><subfield code="w">(DLC)sn 86071080</subfield></datafield></record>